@book{adams1995hitchhiker,
  title={The Hitchhiker's Guide to the Galaxy},
  author={Adams, D.},
  isbn={9781417642595},
  url={http://books.google.com/books?id=W-xMPgAACAAJ},
  year={1995},
  publisher={San Val}
}
@misc{site1,
    url={https://blog.modeanalytics.com/python-interactive-plot-libraries/},
    title={5 Python Libraries for Creating Interactive Plots},
    author={Melissa Bierly},
    year={2016},
    month={October},
    day={12}
}
@misc{site2,
    url={https://canvasjs.com/},
    title={Beautiful HTML5 JavaScript Charts}
}
@misc{site3,
    url={https://plot.ly/r/},
    title={R Graphing Library | Plotly}
}
@misc{site4,
    url={http://www.bigredbee.com/BeeLineGPS.htm},
    title={BeeLine GPS},
    journal={BigRedBee}
}
@misc{site5,
    author={Yang Shunkunab, Liu Binab, Wang Shihaia},
    authors={Yang Shunkunab, Liu Binab, Wang Shihaia, Lu Minyanab},
    title={Model-based robustness testing for avionics-embedded software},
    journal={Chinese Journal of Aeronautics},
    url={http://www.sciencedirect.com/science/article/pii/S1000936113001179},
    year={2013},
    month={June}
}
