@misc{script-as-service,
	title={Run a script as a service in rasbian},
    url={http://www.diegoacuna.me/how-to-run-a-script-as-a-service-in-raspberry-pi-raspbian-jessie/},
    }
    
@misc{direwolf,
	title={wb2osz/direwolf}, 
    url={https://github.com/wb2osz/direwolf}, 
    journal={GitHub},
    author={John Langner},
    year={2017},
    month={Apr}
    }
    
@misc{unique-sql-insert,
	title={MySQL: Insert record if not exists in table}, 
    url={https://stackoverflow.com/questions/3164505/mysql-insert-record-if-not-exists-in-table},
    }

@misc{sql-foreign-key,
	title={MySQL: SELECT from multiple tables using a foreign key}, 
    url={https://stackoverflow.com/questions/24332294/how-to-get-all-data-from-2-tables-using-foreign-key},
    }
    
 @misc{config-adhoc,
	title={Ad Hoc setup in RPi 3}, 
    url ={https://raspberrypi.stackexchange.com/questions/49660/ad-hoc-setup-in-rpi-3}
    }
    
 @misc{OTG,
	title={Create a Raspberry Pi OTG network}, 
    url={https://github.com/alexellis/docker-arm/blob/master/OTG.md},
    author={Alex Ellis},
    year={2017},
    month={Apr}
    }
   
@misc {apache,
title = {Apache Tutorial: Dynamic Content with CGI},
url = {http://httpd.apache.org/docs/current/howto/cgi.html},
year = {2017}
}
