@misc{1, 
	title={Mobile Ad-Hoc Networks:Routing},
    url={http://www.ece.rochester.edu/courses/ECE586/lectures/MANETS_Routing.pdf},
    publisher={University of Rochester},
    author={Heinzelman, W},
    year={2017}
    }
    
    @misc{2, 
	title={What is a wireless LAN?},
    url={https://kb.iu.edu/d/aick},
    publisher={Kb.iu.edu.}
    }
    
     @misc{3, 
	title={What is Apache?},
    url={http://www.wpbeginner.com/glossary/apache/},
    publisher={Wpbeginner.com},
    year={2017}
    }
    
     @misc{4, 
	title={Apache vs Nginx: Practical Considerations},
    url={https://www.digitalocean.com/community/tutorials/apache-vs-nginx-practical-considerations},
    publisher={Digital Ocean},
    author={Ellingwood, J},
    year={2017}
    }

    @book{5,
    author    = {James F. Kurose, Keith W. Ross},
    title     = {Computer networking : a top-down approach},
    year      = {2013},
    publisher = {Pearson Education, Inc.},
    address   = {Boston}
    }
    
    @misc{6, 
	title={Raspberry Pi Model 3B},
    url={https://www.pishop.us/product/raspberry-pi/pi-boards/raspberry-pi-3-model-b-armv8-with-1g-ram/?src=raspberrypi},
    publisher={PiShop},
    year={2017}
    }
    
    @misc{7, 
	title={Beagle Boards},
    url={https://beagleboard.org/},
    author={Jason Kridner},
    year={2017}
    }

    
    @misc{8, 
	title={How To Deploy a Node.js and MongoDB Application with Rancher on Ubuntu 16.04},
    url={https://www.digitalocean.com/community/tutorials/how-to-deploy-a-node-js-and-mongodb-application-with-rancher-on-ubuntu-16-04},
    publisher={Digital Ocean},
    author={James Kolce},
    year={2017}
    }
