@misc{1,
	title={RFD 900 Modem},
    url={http://store.rfdesign.com.au/rfd-900p-modem/},
    journal={RFDesign}
    }

@misc{2,
	title={Choosing a TNC for APRS},
    url={http://www.aprs.net/vm/picktnc/picktnc.htm#kpc3},
    journal={TNC Selection},
    author={Steve Dimse}
    }

@misc{3,
	title={wb2osz/direwolf}, 
    url={https://github.com/wb2osz/direwolf}, 
    journal={GitHub},
    author={John Langner},
    year={2017},
    month={Apr}
    }

@misc{4, 
	title={Building a Better Demodulator for APRS/AX.25 Packet Radio},
    url={https://github.com/wb2osz/direwolf/blob/master/doc/A-Better-APRS-Packet-Demodulator-Part-1-1200-baud.pdf},
    journal={GitHub},
    author={John Langner},
    year={2015},
    month={Apr}
    }

@misc{5,
	title={System Properties Comparison MariaDB vs. MySQL vs. PostgreSQL vs. SQLite},
    url={https://db-engines.com/en/system/MariaDB;PostgreSQL;MySQL;SQLite},
    journal={MariaDB vs. MySQL vs. PostgreSQL vs. SQLite Comparison}
    }

@misc{6, 
	title={A Comparison Of Relational Database Management Systems},
    url={https://www.digitalocean.com/community/tutorials/sqlite-vs-mysql-vs-postgresql-a-comparison-of-relational-database-management-systems},
    journal={SQLite vs MySQL vs PostgreSQL: A Comparison Of Relational Database Management Systems | DigitalOcean},
    publisher={DigitalOcean},
    author={O.S. Tezer},
    year={2017},
    month={Jul}
    }

@misc{7, 
	title={MariaDB vs MySQL. A Comparative},
    url={http://blog.panoply.io/a-comparative-vmariadb-vs-mysql},
    journal={Panoply Blog - Data Management, Data Infrastructure, and Data Analysis.},
    author={Sarig, Matan}
    }
    
@misc{8,
	title={BeeLine GPS},
    url={http://www.bigredbee.com/BeeLineGPS.htm},
    journal={Big Red Bee}
	}
    
@misc{9,
	title={TeleMega},
    url={https://altusmetrum.org/TeleMega/},
    journal={Altus Metrum}
	}

@misc{10,
	title={TeleDongle},
    url={https://altusmetrum.org/TeleDongle/},
    journal={Altus Metrum}
	}
    
@misc{11,
	title={SV2AGW},
    url={https://www.sv2agw.com/}
}